@article{Cao2021,
  author = {Zuhao Cao and Huaqing Cai and Guang J. Zhang},
  title = {Geographic Shift and Environment Change of U.S. Tornado Activities in a Warming Climate},
  journal = {Atmosphere},
  year = {2021},
  volume = {12},
  number = {5},
  pages = {567},
  doi = {10.3390/atmos12050567},
  url = {https://www.mdpi.com/2073-4433/12/5/567},
}

@article{Nouri2021,
  author = {Niloufar Nouri and Naresh Devineni and Valerie Were and Reza Khanbilvardi},
  title = {Explaining the trends and variability in the United States tornado records using climate teleconnections and shifts in observational practices},
  journal = {Scientific Reports},
  year = {2021},
  volume = {11},
  pages = {1741},
  doi = {10.1038/s41598-021-81143-5},
  url = {https://www.nature.com/articles/s41598-021-81143-5#citeas},
}

@online{Henson2021,
  title = {Climate change and tornadoes: Any connection?},
  author = {Bob Henson},
  year = {2021},
  url = {https://yaleclimateconnections.org/2021/07/climate-change-and-tornadoes-any-connection/},
  urldate = {23 April 2024},
}

@article{Moore2019,
  author = {Todd W. Moore and Tiffany A. DeBoer},
  title = {A review and analysis of possible changes to the climatology of tornadoes in the United States},
  journal = {Progress in Physical Geography: Earth and Environment},
  year = {2019},
  volume = {43},
  number = {3},
  pages = {365-390},
  doi = {10.1177/0309133319829398},
  url = {https://journals.sagepub.com/doi/abs/10.1177/0309133319829398},
}

@article{Vittorio2018,
  author = {Vittorio A. Gensini and Harold E. Brooks},
  title = {Spatial trends in United States tornado frequency},
  journal = {npj Climate and Atmospheric Science},
  year = {2018},
  volume = {1},
  number = {38},
  pages = {567},
  doi = {10.1038/s41612-018-0048-2},
  url = {https://www.nature.com/articles/s41612-018-0048-2},
}

@online{Bryant2023,
  title = {Tornadoes Dataset},
  author = {Micheal Bryant},
  year = {2023},
  url = {https://www.kaggle.com/datasets/michaelbryantds/tornadoes?select=1950-2021_all_tornadoes.csv},
}

@online{noaa,
  title = {Severe Thunderstorm Prediction},
  author = {National Oceanic and Atmospheric Administration},
  url = {https://www.spc.noaa.gov/exper/soundings/help/stp.html#:~:text=Significant%20Tornado%20Parameter%20(STP),of%20producing%20F2%2DF5%20tornadoes.},
  urldate = {23 April 2023},
}